<?xml version="1.0"?>
<marc:records xmlns:marc="http://www.loc.gov/MARC21/slim" xmlns:xsi="http://www.w3.org/2001/XMLSchema-instance" xsi:schemaLocation="http://www.loc.gov/MARC21/slim http://www.loc.gov/standards/marcxml/schema/MARC21slim.xsd">
  <marc:record>
    <marc:leader>06043nam a2200685Ia 4500</marc:leader>
    <marc:controlfield tag="001">9977571453303681</marc:controlfield>
    <marc:controlfield tag="005">20190926155230.0</marc:controlfield>
    <marc:controlfield tag="006">m     o  c        </marc:controlfield>
    <marc:controlfield tag="007">cr#cn|024aaaba</marc:controlfield>
    <marc:controlfield tag="008">190821s1387    ua p          000 0 ara d</marc:controlfield>
    <marc:datafield ind1=" " ind2=" " tag="035">
  <marc:subfield code="a">(OCoLC)1112670311</marc:subfield>
</marc:datafield>
    <marc:datafield ind1=" " ind2=" " tag="035">
  <marc:subfield code="a">(OCoLC)on1112670311</marc:subfield>
</marc:datafield>
    <marc:datafield ind1=" " ind2=" " tag="040">
  <marc:subfield code="a">PAU</marc:subfield>
  <marc:subfield code="b">eng</marc:subfield>
  <marc:subfield code="c">PAU</marc:subfield>
  <marc:subfield code="e">amremm</marc:subfield>
</marc:datafield>
    <marc:datafield ind1=" " ind2="9" tag="099">
  <marc:subfield code="a">Penn Museum NEP80</marc:subfield>
</marc:datafield>
    <marc:datafield ind1="0" ind2=" " tag="130">
  <marc:subfield code="a">Qur&#x2BC;an.</marc:subfield>
  <marc:subfield code="k">Selections</marc:subfield>
</marc:datafield>
    <marc:datafield ind1="1" ind2="3" tag="245">
  <marc:subfield code="6">880-01</marc:subfield>
  <marc:subfield code="a">al-Juz&#x2BC; al-thala&#x304;thu&#x304;n min al-rab&#x2BB;ah al-shari&#x304;fah</marc:subfield>
  <marc:subfield code="h">[electronic resource].</marc:subfield>
</marc:datafield>
    <marc:datafield ind1=" " ind2=" " tag="260">
  <marc:subfield code="a">[Cairo, Egypt],</marc:subfield>
  <marc:subfield code="c">789 A.H. (1387)</marc:subfield>
</marc:datafield>
    <marc:datafield ind1=" " ind2=" " tag="300">
  <marc:subfield code="a">1 online resource (i, 23 paginated leaves) :</marc:subfield>
  <marc:subfield code="b">illuminations.</marc:subfield>
</marc:datafield>
    <marc:datafield ind1=" " ind2=" " tag="500">
  <marc:subfield code="a">Title from caption title (p. 1).</marc:subfield>
</marc:datafield>
    <marc:datafield ind1=" " ind2=" " tag="500">
  <marc:subfield code="a">Pagination: Modern pagination in pencil added, upper outer corners ([1]-9, 11-45) ; no catchwords.</marc:subfield>
</marc:datafield>
    <marc:datafield ind1=" " ind2=" " tag="500">
  <marc:subfield code="a">Layout: Written in 11 long lines, 3 large lines with two sets of 4 smaller lines in between.</marc:subfield>
</marc:datafield>
    <marc:datafield ind1=" " ind2=" " tag="500">
  <marc:subfield code="a">Script: Written in muh&#x323;aqqaq (large lines), thuluth (su&#x304;rah titles) and naskh (small lines) in black ink; pointed and vocalized.</marc:subfield>
</marc:datafield>
    <marc:datafield ind1=" " ind2=" " tag="500">
  <marc:subfield code="a">Decoration: Illuminated frontispiece in gold, blue and black; blue cartouches with titles in white with gold flowers surrounding the text stand above and below an empty, multifoil, central medallion set into a square; the medallion is outlined by two continuous, intersecting strips, the spandrels of which are filled with a floral design of white, green, pink and gold; wide, gold rules with a chain design line each section of the page; three gold medallions along the outer edge (p. [1]). Dual-page illuminated first opening with the textblock border-ruled in wide gold with geometric designs, the text in contoured bands with flowers and vines in blue, green and gold in-fill; title in white on a blue background rectangle, lined in the same wide gold (p. 2-3). Su&#x304;rah titles in gold. Gold roundels divided into 10 sections and outlined in blue and red dots mark verse endings. Gold, circular, marginal medallions with blue outline and finials mark the 5th and 10th verses. Notations in gold (often partially trimmed) mark the text divisions and prostrations. Colophon outlined in the same wide gold band with geometric patterns and written on contour bands with light, crosshatch in-fill.</marc:subfield>
</marc:datafield>
    <marc:datafield ind1=" " ind2=" " tag="500">
  <marc:subfield code="a">Binding: Textblock is detached from the covers, which are brown leather over pasteboard with flap (Type II); front and back cover have an intricate mosaic-style blind- and gold-tooled pattern on a large, circular, lobed central medallion, cornerpieces, and frame; flap is gold and blind-tooled vine patterns with frame and a gold-tooled medallion on the inside; doublures are block-stamped leather with purple paper hinges (now torn) stamp painted with a black and yellow pattern.</marc:subfield>
</marc:datafield>
    <marc:datafield ind1=" " ind2=" " tag="500">
  <marc:subfield code="a">Origin: Copy completed by Ah&#x323;mad ibn &#x2BB;Ali&#x304; al-Is&#x323;faha&#x304;ni&#x304; in the school (madrasah) founded by al-Malik al-Z&#x323;a&#x304;hir [Barqu&#x304;q] (first reign 1382-1389) on 10 Dhu&#x304; al-H&#x323;ijjah 789 A.H. (p. 41-42).</marc:subfield>
</marc:datafield>
    <marc:datafield ind1=" " ind2=" " tag="500">
  <marc:subfield code="a">Dimensions of original manuscript: 405 x 295 (315 x 210) mm bound to 320 x 220 mm.</marc:subfield>
</marc:datafield>
    <marc:datafield ind1=" " ind2=" " tag="500">
  <marc:subfield code="a">Laid, non-European paper; occasionally visible chain lines.</marc:subfield>
</marc:datafield>
    <marc:datafield ind1=" " ind2=" " tag="500">
  <marc:subfield code="a">Mostly effaced stamp, possibly a madrasah inventory stamp (p. [1], 41); note with many errors recording a partial h&#x323;adi&#x304;th and dated 1246 (A.H.) (p. 43), note under the frontispiece in the same hand and referring to the same topic as end note (p. [1]).</marc:subfield>
</marc:datafield>
    <marc:datafield ind1=" " ind2=" " tag="520">
  <marc:subfield code="a">Illuminated copy of the 30th, and final, section of the Qur&#x2BC;a&#x304;n; begins with al-Naba&#x304;&#x2BB; (78); the pages have been trimmed.</marc:subfield>
</marc:datafield>
    <marc:datafield ind1=" " ind2=" " tag="524">
  <marc:subfield code="a">University of Pennsylvania Museum of Archaeology and Anthropology NEP 80</marc:subfield>
</marc:datafield>
    <marc:datafield ind1=" " ind2=" " tag="533">
  <marc:subfield code="a">Electronic reproduction.</marc:subfield>
  <marc:subfield code="b">Philadelphia, Pa. :</marc:subfield>
  <marc:subfield code="c">University of Pennsylvania Libraries,</marc:subfield>
  <marc:subfield code="d">2019.</marc:subfield>
</marc:datafield>
    <marc:datafield ind1=" " ind2=" " tag="534">
  <marc:subfield code="p">Original:</marc:subfield>
  <marc:subfield code="t">Juz&#x2BC; al-thala&#x304;thu&#x304;n min al-rab&#x2BB;ah al-shari&#x304;fah (NEP 80),</marc:subfield>
  <marc:subfield code="l">University of Pennsylvania Museum of Archaeology and Anthropology.</marc:subfield>
</marc:datafield>
    <marc:datafield ind1=" " ind2=" " tag="538">
  <marc:subfield code="a">Mode of access: World Wide Web.</marc:subfield>
</marc:datafield>
    <marc:datafield ind1="1" ind2=" " tag="541">
  <marc:subfield code="a">Purchased from Dimitri Andalaft in 1924</marc:subfield>
</marc:datafield>
    <marc:datafield ind1="1" ind2=" " tag="544">
  <marc:subfield code="n">Juz&#x2BC; 15 located at the Royal Library of Belgium, Brussels, Ms. 19991.</marc:subfield>
</marc:datafield>
    <marc:datafield ind1="1" ind2=" " tag="544">
  <marc:subfield code="n">Juz&#x2BC; 10 located at the Muse&#x301;e du Louvre, Paris, MAO 2281.</marc:subfield>
</marc:datafield>
    <marc:datafield ind1="1" ind2=" " tag="544">
  <marc:subfield code="n">Ajza&#x304;&#x2BC; 3, 5, 8, 9, 11, 19, 28 located at Da&#x304;r al-Kutub, Cairo.</marc:subfield>
</marc:datafield>
    <marc:datafield ind1=" " ind2=" " tag="546">
  <marc:subfield code="a">Arabic.</marc:subfield>
</marc:datafield>
    <marc:datafield ind1="0" ind2="0" tag="630">
  <marc:subfield code="a">Qur&#x2BC;an</marc:subfield>
  <marc:subfield code="x">Manuscripts.</marc:subfield>
</marc:datafield>
    <marc:datafield ind1=" " ind2="0" tag="650">
  <marc:subfield code="a">Islamic illumination of books and manuscripts</marc:subfield>
  <marc:subfield code="v">Specimens.</marc:subfield>
</marc:datafield>
    <marc:datafield ind1=" " ind2="7" tag="655">
  <marc:subfield code="a">Fascimiles.</marc:subfield>
  <marc:subfield code="2">aat</marc:subfield>
</marc:datafield>
    <marc:datafield ind1=" " ind2="7" tag="655">
  <marc:subfield code="a">Qur&#x2BC;ans.</marc:subfield>
  <marc:subfield code="2">aat</marc:subfield>
</marc:datafield>
    <marc:datafield ind1=" " ind2="7" tag="655">
  <marc:subfield code="a">Illuminations (painting)</marc:subfield>
  <marc:subfield code="2">aat</marc:subfield>
</marc:datafield>
    <marc:datafield ind1=" " ind2="7" tag="655">
  <marc:subfield code="a">Notes (documents)</marc:subfield>
  <marc:subfield code="2">aat</marc:subfield>
</marc:datafield>
    <marc:datafield ind1=" " ind2="7" tag="655">
  <marc:subfield code="a">Stamps (Provenance)</marc:subfield>
  <marc:subfield code="2">rbprov</marc:subfield>
</marc:datafield>
    <marc:datafield ind1=" " ind2="7" tag="655">
  <marc:subfield code="a">Islamic bindings (Binding)</marc:subfield>
  <marc:subfield code="2">rbbin</marc:subfield>
</marc:datafield>
    <marc:datafield ind1=" " ind2="7" tag="655">
  <marc:subfield code="a">Full covers.</marc:subfield>
  <marc:subfield code="2">lobt</marc:subfield>
</marc:datafield>
    <marc:datafield ind1=" " ind2="7" tag="655">
  <marc:subfield code="a">Envelope flaps (features)</marc:subfield>
  <marc:subfield code="2">lobt</marc:subfield>
</marc:datafield>
    <marc:datafield ind1=" " ind2="7" tag="655">
  <marc:subfield code="a">Block-stamped leather</marc:subfield>
  <marc:subfield code="2">lobt</marc:subfield>
</marc:datafield>
    <marc:datafield ind1=" " ind2="0" tag="655">
  <marc:subfield code="a">Manuscripts, Arabic.</marc:subfield>
</marc:datafield>
    <marc:datafield ind1=" " ind2="0" tag="655">
  <marc:subfield code="a">Manuscripts, 14th century.</marc:subfield>
</marc:datafield>
    <marc:datafield ind1="1" ind2=" " tag="700">
  <marc:subfield code="6">880-02</marc:subfield>
  <marc:subfield code="a">Is&#x323;faha&#x304;ni&#x304;, Ah&#x323;mad ibn &#x2BB;Ali&#x304;,</marc:subfield>
  <marc:subfield code="d">active 1387,</marc:subfield>
  <marc:subfield code="e">scribe.</marc:subfield>
</marc:datafield>
    <marc:datafield ind1="1" ind2=" " tag="700">
  <marc:subfield code="a">Andalaft, Dimitri,</marc:subfield>
  <marc:subfield code="e">bookseller.</marc:subfield>
</marc:datafield>
    <marc:datafield ind1=" " ind2=" " tag="852">
  <marc:subfield code="b">University of Pennsylvania Museum of Archaeology and Anthropology</marc:subfield>
  <marc:subfield code="a">University of Pennsylvania.</marc:subfield>
  <marc:subfield code="j">Penn Museum NEP80</marc:subfield>
</marc:datafield>
    <marc:datafield ind1="4" ind2="1" tag="856">
  <marc:subfield code="z">Digital facsimile in OPenn</marc:subfield>
  <marc:subfield code="u">http://openn.library.upenn.edu/Data/0016/html/NEP80.html</marc:subfield>
</marc:datafield>
    <marc:datafield ind1="1" ind2="2" tag="880">
  <marc:subfield code="6">245-01//r</marc:subfield>
  <marc:subfield code="a">&#x627;&#x644;&#x62C;&#x632;&#x621; &#x627;&#x644;&#x62B;&#x644;&#x627;&#x62B;&#x648;&#x646; &#x645;&#x646; &#x627;&#x644;&#x631;&#x628;&#x639;&#x629; &#x627;&#x644;&#x634;&#x631;&#x64A;&#x641;&#x629;</marc:subfield>
  <marc:subfield code="h">[electronic resource].</marc:subfield>
</marc:datafield>
    <marc:datafield ind1="1" ind2=" " tag="880">
  <marc:subfield code="6">700-02//r</marc:subfield>
  <marc:subfield code="a">&#x627;&#x635;&#x641;&#x647;&#x627;&#x646;&#x64A;&#x60C; &#x627;&#x62D;&#x645;&#x62F; &#x628;&#x646; &#x639;&#x644;&#x64A;&#x60C;</marc:subfield>
  <marc:subfield code="d">active 1387&#x60C;</marc:subfield>
  <marc:subfield code="e">scribe.</marc:subfield>
</marc:datafield>
    <marc:datafield ind1=" " ind2=" " tag="948">
  <marc:subfield code="h">HELD BY PAU - 0 OTHER HOLDINGS</marc:subfield>
</marc:datafield>
    <marc:datafield ind1=" " ind2=" " tag="994">
  <marc:subfield code="a">Z0</marc:subfield>
  <marc:subfield code="b">PAU</marc:subfield>
</marc:datafield>
    <marc:datafield ind1=" " ind2=" " tag="996">
  <marc:subfield code="a">hinge-right</marc:subfield>
</marc:datafield>
    <marc:holdings>
      <marc:holding>
        <marc:holding_id>22597369850003681</marc:holding_id>
        <marc:call_number>Penn Museum NEP80</marc:call_number>
        <marc:library>KislakCntr</marc:library>
        <marc:location>scmsw</marc:location>
      </marc:holding>
    </marc:holdings>
  </marc:record>
</marc:records>
